<mx:record xmlns="http://www.w3.org/TR/xhtml1/strict" xmlns:mx="http://www.loc.gov/MARC21/slim" xmlns:xsi="http://www.w3.org/2001/XMLSchema-instance"><mx:leader>00037nz  2200037n  45 0</mx:leader><mx:controlfield tag="001">oca06779422 </mx:controlfield><mx:controlfield tag="005">20051108123729.0</mx:controlfield><mx:controlfield tag="008">051104n| acannaabn          |a aaa     c</mx:controlfield><mx:datafield ind1=" " ind2=" " tag="010"><mx:subfield code="a">nr2005026427</mx:subfield></mx:datafield><mx:datafield ind1=" " ind2=" " tag="040"><mx:subfield code="a">UkCU</mx:subfield><mx:subfield code="b">eng</mx:subfield><mx:subfield code="c">UkCU</mx:subfield></mx:datafield><mx:datafield ind1="0" ind2=" " tag="100"><mx:subfield code="a">Lobon,</mx:subfield><mx:subfield code="c">of Argos</mx:subfield></mx:datafield><mx:datafield ind1="0" ind2=" " tag="400"><mx:subfield code="a">Lobone,</mx:subfield><mx:subfield code="c">di Argo</mx:subfield></mx:datafield><mx:datafield ind1="0" ind2=" " tag="400"><mx:subfield code="a">Lobo,</mx:subfield><mx:subfield code="c">Argivus</mx:subfield></mx:datafield><mx:datafield ind1=" " ind2=" " tag="670"><mx:subfield code="a">Il Peri poiētōn di Lobone di Argo, 2004:</mx:subfield><mx:subfield code="b">t.p. (Lobone di Argo) p. 210 (Lobo Argivus)</mx:subfield></mx:datafield><mx:datafield ind1=" " ind2=" " tag="670"><mx:subfield code="a">Oxford classical dictionary, 1970</mx:subfield><mx:subfield code="b">(Lobon, of Argos; literary forger, 3rd century B.C.(?))</mx:subfield></mx:datafield><mx:datafield ind1=" " ind2=" " tag="999"><mx:subfield code="a">15</mx:subfield></mx:datafield></mx:record>